<record xmlns:xsi="http://www.w3.org/2001/XMLSchema-instance" xmlns="http://www.loc.gov/MARC21/slim" xsi:schemaLocation="http://www.loc.gov/MARC21/slim http://www.loc.gov/standards/marcxml/schema/MARC21slim.xsd">

  <leader>00639nam a22002057a 4500</leader>
  <datafield ind1=" " tag="999" ind2=" ">
    <subfield code="c">3512</subfield>
    <subfield code="d">3512</subfield>
  </datafield>
  <controlfield tag="008">180620b2004    sp a|||| |||| 00| | spa d</controlfield>
  <datafield tag="020" ind1=" " ind2=" ">
    <subfield code="a">8471336588</subfield>
  </datafield>
  <datafield ind2=" " tag="090" ind1=" ">
    <subfield code="a">06.01.01</subfield>
    <subfield code="b">2481</subfield>
  </datafield>
  <datafield tag="100" ind1=" " ind2=" ">
    <subfield code="9">3793</subfield>
    <subfield code="a">Domínguez Chillón, Gloria</subfield>
  </datafield>
  <datafield tag="245" ind1="1" ind2="4">
    <subfield code="a">Los valores en la educación infantil / </subfield>
    <subfield code="c">Gloria Domíguez Chillón</subfield>
  </datafield>
  <datafield tag="250" ind1=" " ind2=" ">
    <subfield code="a">Sexta edición</subfield>
  </datafield>
  <datafield ind2=" " tag="260" ind1=" ">
    <subfield code="a">Madrid :</subfield>
    <subfield code="b">La Muralla,</subfield>
    <subfield code="c">2004</subfield>
  </datafield>
  <datafield tag="300" ind1=" " ind2=" ">
    <subfield code="a">124 páginas;</subfield>
    <subfield code="b">ilustraciones</subfield>
  </datafield>
  <datafield ind2="0" ind1="1" tag="650">
    <subfield code="a">EDUCACIÓN EN VALORES</subfield>
    <subfield code="9">719</subfield>
  </datafield>
  <datafield tag="650" ind1="1" ind2="4">
    <subfield code="9">1528</subfield>
    <subfield code="a">EDUCACIÓN MORAL</subfield>
  </datafield>
  <datafield ind2="4" ind1="1" tag="650">
    <subfield code="9">812</subfield>
    <subfield code="a">ESTRATEGIAS EDUCATIVAS</subfield>
  </datafield>
  <datafield ind2="4" ind1="1" tag="650">
    <subfield code="9">692</subfield>
    <subfield code="a">SOLUCIÓN DE CONFLICTOS</subfield>
  </datafield>
  <datafield ind1="1" tag="650" ind2="4">
    <subfield code="9">563</subfield>
    <subfield code="a">ÉTICA</subfield>
  </datafield>
  <datafield ind2=" " tag="942" ind1=" ">
    <subfield code="2">z</subfield>
    <subfield code="c">01</subfield>
  </datafield>
</record>